
@misc{script_sims,
    title={Simulation and plot scripts},
    url={https://github.com/PaipaPsyche/StatisticalPhysics_PPM/blob/main/Homework/RandomWalks.ipynb},
    journal={Github},
    publisher={},
    author={ Paipa, David},
    year={2020}
}
@article{entropy_1981,
    title={Calculation of entropy from data of motion},
    url={https://link.springer.com/article/10.1007/BF01013169},
    journal={Journal of Statistical Physics},
    publisher={Springer},
    author={ Shang-keng, Ma},
    year={1981}
}

@article{oligom_2014,
    title={Free-energy landscape of protein oligomerization from
atomistic simulations},
    url={https://www.pnas.org/content/110/49/E4708},
    journal={Proceedings of the National Academy of Sciences of the United States of America},
    publisher={PNAS},
    author={ Barducci et al.,Alessandro},
    year={2013}
}